@article{Alineación,
  author =       "Alineación.",
  number =       "1",
  url =          "https://learn.microsoft.com/es-es/cpp/cpp/alignment-cpp-declarations?view=msvc-170",
}
@article{metodo_simplex_algebraico,
  author =       "Método Simplex Algebraico.",
  number =       "1",
  url =          "https://www.phpsimplex.com/simplex/simplex.htm?l=es",
}