@article{PL_online,
  author =       "Simulador online de programación lineal.",
  number =       "1",
  url =          "https://www.phpsimplex.com/simplex/simplex.htm?l=es",
}
@article{metodo_simplex_algebraico,
  author =       "Método Simplex Algebraico.",
  number =       "1",
  url =          "https://www.phpsimplex.com/simplex/simplex.htm?l=es",
}