@article{regresión_logística_colab,
  author =       "Resuemen de la catedra",
  url =          "https://fisop.github.io/apunte/memory.html",
}

@article{knn_you_tube,
  author =       "Github donde se halla el projecto.",
  number =       "1",
  url =          "https://github.com/fernk01/Resumenes_Latex/tree/sistemas_operativos",
}