@article{ABB-Eliminar_nodos,
  author =       "ABB - Eliminar nodos.",
  number =       "1",
  url =          "https://slideplayer.es/slide/3617827/",
}

@article{ABB-Recorridos_youtube,
  author =       "ABB - Recorridos.",
  number =       "3",
  url =          "https://www.youtube.com/watch?v=cmTEaAh5Gpg&list=PLQXt15yGlG-dyRb2ivfYLArcqYtkhuOvN&index=8",
}

@article{√Årboles-B_youtube,
  author =       "ABB - Recorridos.",
  number =       "3",
  url =          "https://www.youtube.com/watch?v=R0TypAw0Ln0&t=2367s",
}
@article{Cola_de_prioridad_youtube,
  author =       "ABB - Recorridos.",
  number =       "3",
  url =          "https://www.youtube.com/watch?v=BhDLf-Vm0ag&list=PLLfC2vEod54LyohAVsfZ3byiPOzHF15gg",
}
@article{Cola_de_prioridad_ejercicios_youtube,
  author =       "ABB - Recorridos.",
  number =       "3",
  url =          "https://www.youtube.com/watch?v=FV9_SdXIegY&list=PLQXt15yGlG-dyRb2ivfYLArcqYtkhuOvN&index=19",
}
@article{Heapsort_youtube,
  author =       "Heapsort YouTube.",
  number =       "3",
  url =          "https://www.youtube.com/watch?v=tBDrus4BpPQ",
}
@article{grafos_lista_youtube,
  author =       "Heapsort YouTube.",
  number =       "3",
  url =          "https://www.youtube.com/watch?v=P45bRlCTqHI",
}
@article{grafo_bfs_dfs_youtube_1,
  author =       "Grafo BFS y DFS con pilas y colas.",
  number =       "3",
  url =          "https://www.youtube.com/watch?v=P45bRlCTqHI",
}
@article{grafo_bfs_dfs_youtube_2,
  author =       "Grafo BFS y DFS con pilas y colas.",
  number =       "3",
  url =          "https://www.youtube.com/watch?v=HelpfhBel_k",
}
