@article{def_entidad,
  author =       "Definicion de Entidad",
  number =       "1",
  url =          "https://platzi.com/clases/1566-bd/20197-entidades-y-atributos/",
}
@article{uml_relacion_clases,
  author =       "relaci√≥n de clases",
  number =       "1",
  url =          "https://blog.visual-paradigm.com/es/what-are-the-six-types-of-relationships-in-uml-class-diagrams/#:~:text=Hay%20seis%20tipos%20principales%20de,%2C%20agregaci%C3%B3n%2C%20asociaci%C3%B3n%20y%20dependencia.",
}

@article{tipos_de_datos_primitivos,
  author =       "Tipos de datos primitivos JAVA",
  number =       "1",
  url =          "https://docs.oracle.com/javase/tutorial/java/nutsandbolts/datatypes.html",
}
@article{interfaces,
  author =       "Interfacez",
  number =       "1",
  url =          "https://www.youtube.com/watch?v=hfwtzjOhvKk",
}