% @article{einstein,
%   author =       "Albert Einstein",
%   title =        "{Zur Elektrodynamik bewegter K{\"o}rper}. ({German})
%                  [{On} the electrodynamics of moving bodies]",
%   journal =      "Annalen der Physik",
%   volume =       "322",
%   number =       "10",
%   pages =        "891--921",
%   year =         "1905",
%   url =          "http://dx.doi.org/10.1002/andp.19053221004",
%   keywords =     "physics"
% } 

@article{regresión_logística_colab,
  author =       "Colab Regresion Logistica",
  url =          "https://colab.research.google.com/drive/1JbRUFa5hnijNQdJ_HLywhMJrICkColMJ?authuser=1#scrollTo=sIl68yHmh0yS",
}

@article{knn_you_tube,
  author =       "Video de YouTube KNN",
  number =       "31 min",
  url =          "https://www.youtube.com/watch?v=cH-kUai4Boo",
}

@article{tree_pag,
  author =       "Arboles de Decisión",
  url =          "https://www.ibm.com/es-es/topics/decision-trees",
}
@article{Pandas_Split_Apply_Combine,
  author =       "Clase 3: Pandas - Split Apply Combine",
  url =          "https://www.youtube.com/watch?v=85CUMlOMALk",
}
@article{lista_intro_data_science,
  author =       "Lista YouTube Introducción a Data Science",
  url =          "https://www.youtube.com/watch?v=ezrOvQlIMYE&list=PLeo_qKwGPZYevnuxYBfrvQ32zJJE2--Y4&index=3",
}
@article{ejemplo_variables_aleatorias,
  author =       "Ejemplo de calculos Esperanza, varianza y desviación estandar",
  url =          "https://www.youtube.com/watch?v=6V9a4651WFw",
}
@article{diferencia_machine_learning_data_science,
  author =       "Diferencia entre Machine Learning y Data Science",
  url =          "https://www.javatpoint.com/data-science-vs-machine-learning#:~:text=Data%20Science%20is%20the%20study,growing%20with%20an%20immoderate%20rate.",
}
